@article{ekho,
	author = {Hester, Josiah and Sitanayah, Lanny and Scott, Timothy and Sorber, Jacob},
	title = {Realistic and Repeatable Emulation of Energy Harvesting Environments},
	journal = {ACM Trans. Sen. Netw.},
	issue_date = {June 2017},
	volume = {13},
	number = {2},
	month = apr,
	year = {2017},
	issn = {1550-4859},
	pages = {16:1--16:33},
	articleno = {16},
	numpages = {33},
	url = {http://doi.acm.org/10.1145/3064839},
	doi = {10.1145/3064839},
	acmid = {3064839},
	publisher = {ACM},
	address = {New York, NY, USA},
	keywords = {Energy harvesting, I--V curves, RFID, emulation},
} 

@INPROCEEDINGS{FIT-IoT, 
	author={C. Adjih and E. Baccelli and E. Fleury and G. Harter and N. Mitton and T. Noel and R. Pissard-Gibollet and F. Saint-Marcel and G. Schreiner and J. Vandaele and T. Watteyne}, 
	booktitle={2015 IEEE 2nd World Forum on Internet of Things (WF-IoT)}, 
	title={FIT IoT-LAB: A large scale open experimental IoT testbed}, 
	year={2015}, 
	volume={}, 
	number={}, 
	pages={459-464}, 
	keywords={engineering facilities;Internet of Things;open systems;protocols;telecommunication equipment testing;wireless sensor networks;FIT IoT-LAB testbed;low-power wireless nodes;mobile robots;wireless IoT technologies;low-level protocols;advanced Internet services;open-source multiuser scientific tool;France;open experimental testbed;Wireless sensor networks;Linux;Hardware;Logic gates;Synchronization;Wireless communication;Real-time systems;IoT;Testbed;Low Power Wireless Sensor Network;Robot;Mobility;Large Scale;Open Platform}, 
	doi={10.1109/WF-IoT.2015.7389098}, 
	ISSN={}, 
	month={Dec},}

@INPROCEEDINGS{flocklab, 
	author={R. Lim and F. Ferrari and M. Zimmerling and C. Walser and P. Sommer and J. Beutel}, 
	booktitle={2013 ACM/IEEE International Conference on Information Processing in Sensor Networks (IPSN)}, 
	title={FlockLab: A testbed for distributed, synchronized tracing and profiling of wireless embedded systems}, 
	year={2013}, 
	volume={}, 
	number={}, 
	pages={153-165}, 
	keywords={constraint theory;embedded systems;peripheral interfaces;program debugging;program diagnostics;resource allocation;telecommunication power supplies;timing;wireless sensor networks;wireless embedded system debugging;resource constrained node;FlockLab;serial port service;GPIO pins tracing;logical event recording;trigger actions;power profiling;timing information;distributed behavior;wireless embedded system evaluation;distributed tracing;synchronised tracing;wireless embedded system profiling;Observers;Servers;Power measurement;Synchronization;Accuracy;Pins;Testbed;GPIO tracing;GPIO actuation;power profiling;adjustable power supply;wireless sensor network}, 
	doi={10.1145/2461381.2461402}, 
	ISSN={}, 
	month={April},}

@InProceedings{,
	author       =   "",
	title        =   "",
	booktitle    =   "",
	year         =   "",
	editor       =   "",
	volume       =   "",
	number       =   "",
	series       =   "",
	pages        =   "",
	address      =   "",
	month        =   "",
	organization =   "",
	publisher    =   "",
	note         =   ""
}

@InProceedings{indriya2,
	author={Appavoo, Paramasiven
	and William, Ebram Kamal
	and Chan, Mun Choon
	and Mohammad, Mobashir",
	editor="Gao, Honghao
	and Yin, Yuyu
	and Yang, Xiaoxian
	and Miao, Huaikou"},
	title={Indriya2: A Heterogeneous Wireless Sensor Network (WSN) Testbed"},
	booktitle={Testbeds and Research Infrastructures for the Development of Networks and Communications"}
	year={2019},
	publisher={Springer International Publishing},
	address={Cham},
	pages={3--19}
}

@inproceedings{flicker,
	author = {Hester, Josiah and Sorber, Jacob},
	title = {Flicker: Rapid Prototyping for the Batteryless Internet-of-Things},
	booktitle = {Proceedings of the 15th ACM Conference on Embedded Network Sensor Systems},
	series = {SenSys '17},
	year = {2017},
	isbn = {978-1-4503-5459-2},
	location = {Delft, Netherlands},
	pages = {19:1--19:13},
	articleno = {19},
	numpages = {13},
	url = {http://doi.acm.org/10.1145/3131672.3131674},
	doi = {10.1145/3131672.3131674},
	acmid = {3131674},
	publisher = {ACM},
	address = {New York, NY, USA},
	keywords = {Batteryless, Energy Harvesting, Flicker, Intermittent, Wearable},
}

@article{request,
	author    = {Henko Aantjes and
	Amjad Yousef Majid and
	Przemyslaw Pawelczak},
	title     = {A Testbed for Transiently Powered Computers},
	journal   = {CoRR},
	volume    = {abs/1606.07623},
	year      = {2016},
	url       = {http://arxiv.org/abs/1606.07623},
	archivePrefix = {arXiv},
	eprint    = {1606.07623},
	timestamp = {Mon, 13 Aug 2018 16:48:24 +0200},
	biburl    = {https://dblp.org/rec/bib/journals/corr/AantjesMP16},
	bibsource = {dblp computer science bibliography, https://dblp.org}
}  

@ARTICLE{edb, 
	author={A. Colin and G. Harvey and A. P. Sample and B. Lucia}, 
	journal={IEEE Micro}, 
	title={An Energy-Aware Debugger for Intermittently Powered Systems}, 
	year={2017}, 
	volume={37}, 
	number={3}, 
	pages={116-125}, 
	keywords={computer debugging;energy harvesting;power aware computing;energy-aware debugger;intermittently powered systems;energy-harvesting technology;energy-interference-free debugger;EDB;intermittence bugs;debugging tasks;RF-powered energy-harvesting device;Debugging;Monitoring;Software engineering;Energy states;Computer bugs;Energy harvesting;Capacitors;energy harvesting;intermittent computing;memory consistency;embedded systems;testing;debugging}, 
	doi={10.1109/MM.2017.48}, 
	ISSN={0272-1732}, 
	month={},}