@Article{ekho,
	author = {Hester, Josiah and Sitanayah, Lanny and Scott, Timothy and Sorber, Jacob},
	title = {Realistic and Repeatable Emulation of Energy Harvesting Environments},
	journal = {ACM Trans. Sen. Netw.},
	year = {2017},
	volume = {13},
	number = {2},
	pages = {16:1--16:33},
	month = apr
} 

@INPROCEEDINGS{FIT-IoT, 
	author={C. Adjih and E. Baccelli and E. Fleury and G. Harter and N. Mitton and T. Noel and R. Pissard-Gibollet and F. Saint-Marcel and G. Schreiner and J. Vandaele and T. Watteyne}, 
	title={FIT IoT-LAB: A large scale open experimental IoT testbed}, 
	booktitle={2015 IEEE 2nd World Forum on Internet of Things (WF-IoT)}, 
	year={2015}, 
	volume={}, 
	number={}, 
	pages={459-464},  
	month={Dec}
}

@INPROCEEDINGS{flocklab, 
	author={R. Lim and F. Ferrari and M. Zimmerling and C. Walser and P. Sommer and J. Beutel}, 
	booktitle={2013 ACM/IEEE International Conference on Information Processing in Sensor Networks (IPSN)}, 
	title={FlockLab: A testbed for distributed, synchronized tracing and profiling of wireless embedded systems}, 
	year={2013}, 
	volume={}, 
	number={}, 
	pages={153-165}, 
	month={April}
}

@InProceedings{indriya2,
	author={Appavoo, Paramasiven
	and William, Ebram Kamal
	and Chan, Mun Choon
	and Mohammad, Mobashir},
	editor={Gao, Honghao
	and Yin, Yuyu
	and Yang, Xiaoxian
	and Miao, Huaikou},
	title={Indriya2: A Heterogeneous Wireless Sensor Network (WSN) Testbed"},
	booktitle={Testbeds and Research Infrastructures for the Development of Networks and Communications"},
	year={2019},
	publisher={Springer International Publishing},
	address={Cham},
	pages={3--19}
}

@inproceedings{flicker,
	author = {Hester, Josiah and Sorber, Jacob},
	title = {Flicker: Rapid Prototyping for the Batteryless Internet-of-Things},
	booktitle = {Proceedings of the 15th ACM Conference on Embedded Network Sensor Systems},
	series = {SenSys '17},
	year = {2017},
	isbn = {978-1-4503-5459-2},
	location = {Delft, Netherlands},
	pages = {19:1--19:13},
	articleno = {19},
	numpages = {13},
	url = {http://doi.acm.org/10.1145/3131672.3131674},
	doi = {10.1145/3131672.3131674},
	acmid = {3131674},
	publisher = {ACM},
	address = {New York, NY, USA},
	keywords = {Batteryless, Energy Harvesting, Flicker, Intermittent, Wearable},
}

@article{request,
	author    = {Henko Aantjes and
	Amjad Yousef Majid and
	Przemyslaw Pawelczak},
	title     = {A Testbed for Transiently Powered Computers},
	journal   = {CoRR},
	volume    = {abs/1606.07623},
	year      = {2016},
	url       = {http://arxiv.org/abs/1606.07623},
	archivePrefix = {arXiv},
	eprint    = {1606.07623},
	timestamp = {Mon, 13 Aug 2018 16:48:24 +0200},
	biburl    = {https://dblp.org/rec/bib/journals/corr/AantjesMP16},
	bibsource = {dblp computer science bibliography, https://dblp.org}
}  

@ARTICLE{edb, 
	author={A. Colin and G. Harvey and A. P. Sample and B. Lucia}, 
	journal={IEEE Micro}, 
	title={An Energy-Aware Debugger for Intermittently Powered Systems}, 
	year={2017}, 
	volume={37}, 
	number={3}, 
	pages={116-125}, 
	keywords={computer debugging;energy harvesting;power aware computing;energy-aware debugger;intermittently powered systems;energy-harvesting technology;energy-interference-free debugger;EDB;intermittence bugs;debugging tasks;RF-powered energy-harvesting device;Debugging;Monitoring;Software engineering;Energy states;Computer bugs;Energy harvesting;Capacitors;energy harvesting;intermittent computing;memory consistency;embedded systems;testing;debugging}, 
	doi={10.1109/MM.2017.48}, 
	ISSN={0272-1732}, 
	month={},}

@article{wisp,
	title={Design of an RFID-based battery-free programmable sensing platform},
	author={Sample, Alanson P and Yeager, Daniel J and Powledge, Pauline S and Mamishev, Alexander V and Smith, Joshua R and others},
	journal={IEEE transactions on instrumentation and measurement},
	volume={57},
	number={11},
	pages={2608},
	year={2008}
}

@article{moo,
	title={Moo: A batteryless computational RFID and sensing platform},
	author={Zhang, Hong and Gummeson, Jeremy and Ransford, Benjamin and Fu, Kevin},
	journal={University of Massachusetts Computer Science Technical Report UM-CS-2011-020},
	year={2011}
}

@inproceedings{capybara,
	title={A Reconfigurable Energy Storage Architecture for Energy-harvesting Devices},
	author={Colin, Alexei and Ruppel, Emily and Lucia, Brandon},
	booktitle={Proceedings of the Twenty-Third International Conference on Architectural Support for Programming Languages and Operating Systems},
	pages={767--781},
	year={2018},
	organization={ACM}
}

@inproceedings{pible,
	title={Pible: battery-free mote for perpetual indoor BLE applications},
	author={Fraternali, Francesco and Balaji, Bharathan and Agarwal, Yuvraj and Benini, Luca and Gupta, Rajesh},
	booktitle={Proceedings of the 5th Conference on Systems for Built Environments},
	pages={168--171},
	year={2018},
	organization={ACM}
}

@inproceedings{customsoc,
	title={A battery-less 507nw soc with integrated platform power manager and sip interfaces},
	author={Yahya, Farah and Lukas, Christopher J and Breiholz, Jacob and Roy, Abhishek and Patel, Harsh N and Liu, NingXi and Chen, Xing and Kosari, Avish and Li, Shuo and Akella, Divya and others},
	booktitle={VLSI Circuits, 2017 Symposium on},
	pages={C338--C339},
	year={2017},
	organization={IEEE}
}